@misc{PM,
	author = {Zalta, Edward N.},
	title = {Principia Logico-Metaphysica},
	howpublished = {\url{http://mally.stanford.edu/principia.pdf}},
	note = "[Draft/Excerpt; accessed: October 28, 2016]"
}
@Article{rtt,
  author = 	 {Paul E.~Oppenheimer and Edward N.~Zalta},
  title = 	 {Relations Versus Functions at the Foundations of Logic: Type-Theoretic Considerations},
  journal = 	 {Journal of Logic and Computation},
  year = 	 2011,
  number = 	 21,
  pages = 	 {351â€“374}}
}
