@misc{PM,
	author = {Zalta, Edward N.},
	title = {Principia Logico-Metaphysica},
	howpublished = {\url{http://mally.stanford.edu/principia.pdf}},
	note = "[Draft/Excerpt; accessed: October 28, 2016]"
}
