@misc{WhatsInMain,
	author = {Tobias Nipkow},
	title = {What's in Main},
	howpublished = {\url{http://isabelle.in.tum.de/doc/main.pdf}},
	note = "[accessed: March 13, 2017]"
}
@misc{MallyTheory,
	author = {Zalta, Edward N.},
	title = {The Theory of Abstract Objects},
	howpublished = {\url{http://mally.stanford.edu/theory.html}},
	note = {Accessed: April 04, 2017}
}
@misc{PM,
	author = {Zalta, Edward N.},
	title = {Principia Logico-Metaphysica},
	howpublished = {\url{http://mally.stanford.edu/principia.pdf}},
	note = "[Draft/Excerpt; accessed: October 28, 2016]"
}
@Article{rtt,
  author = {Paul E.~Oppenheimer and Edward N.~Zalta},
  title = {Relations Versus Functions at the Foundations of Logic: Type-Theoretic Considerations},
  journal = {Journal of Logic and Computation},
  year = 2011,
  number = 21,
  pages = {351â€“374}}
}
